<record><leader>00000cas a22000007i 4500</leader><controlfield tag="001">862973296</controlfield><controlfield tag="006">m     o  d        </controlfield><controlfield tag="007">cr |||||||||||</controlfield><controlfield tag="008">840207d18461873pauwr neo     0   a0eng  </controlfield><datafield ind1=" " ind2=" " tag="010"><subfield code="a">  2013271904</subfield></datafield><datafield ind1=" " ind2=" " tag="040"><subfield code="a">Nz</subfield><subfield code="b">eng</subfield><subfield code="e">rda</subfield><subfield code="c">Z5A</subfield><subfield code="d">DLC</subfield><subfield code="d">OCLCF</subfield></datafield><datafield ind1="0" ind2=" " tag="022"><subfield code="a">2333-1526</subfield><subfield code="2">1</subfield></datafield><datafield ind1="0" ind2=" " tag="029"><subfield code="a">NZ1</subfield><subfield code="b">15124558</subfield></datafield><datafield ind1=" " ind2=" " tag="042"><subfield code="a">msc</subfield><subfield code="a">nsdp</subfield></datafield><datafield ind1=" " ind2=" " tag="043"><subfield code="a">n-us-pa</subfield></datafield><datafield ind1="1" ind2="0" tag="050"><subfield code="a">ISSN RECORD</subfield></datafield><datafield ind1="0" ind2="0" tag="082"><subfield code="a">071</subfield><subfield code="2">23</subfield></datafield><datafield ind1="0" ind2=" " tag="130"><subfield code="a">Juniata sentinel (Mifflintown, Pa. : 1846 : Online)</subfield></datafield><datafield ind1=" " ind2="0" tag="222"><subfield code="a">Juniata sentinel</subfield><subfield code="b">(Mifflintown, Pa. 1846. Online)</subfield></datafield><datafield ind1="1" ind2="0" tag="245"><subfield code="a">Juniata sentinel.</subfield></datafield><datafield ind1=" " ind2="1" tag="264"><subfield code="a">Mifflintown, Juniata County, Penn. :</subfield><subfield code="b">A. L. Guss &amp; W. W Davis</subfield></datafield><datafield ind1=" " ind2=" " tag="300"><subfield code="a">1 online resource</subfield></datafield><datafield ind1=" " ind2=" " tag="310"><subfield code="a">Weekly</subfield></datafield><datafield ind1=" " ind2=" " tag="336"><subfield code="a">text</subfield><subfield code="b">txt</subfield><subfield code="2">rdacontent</subfield></datafield><datafield ind1=" " ind2=" " tag="337"><subfield code="a">computer</subfield><subfield code="b">c</subfield><subfield code="2">rdamedia</subfield></datafield><datafield ind1=" " ind2=" " tag="338"><subfield code="a">online resource</subfield><subfield code="b">cr</subfield><subfield code="2">rdacarrier</subfield></datafield><datafield ind1="1" ind2=" " tag="362"><subfield code="a">Began December 9, 1846; ceased October 15, 1873.</subfield></datafield><datafield ind1=" " ind2=" " tag="500"><subfield code="a">Published by A.K. McClure, &lt;0ct. 31, 1849&gt;; A.J. Greer, &lt;May 6, 1857-Apr. 20, 1859&gt;; W.W. Davis, &lt;1861&gt;; H.H. Wilson, &lt;1866&gt;; B.F. Schweier, &lt;1873&gt;.</subfield></datafield><datafield ind1=" " ind2=" " tag="500"><subfield code="a">"Union," &lt;1866&gt;.</subfield></datafield><datafield ind1=" " ind2=" " tag="500"><subfield code="a">Editors: W.W. Davis, &lt;1861&gt;; H.H. Wilson, &lt;1866&gt;.</subfield></datafield><datafield ind1=" " ind2=" " tag="588"><subfield code="a">Description based on: Volume XVIII, number 30 (November 2, 1864); title from masthead (Chroniclingamerica.loc.gov, viewed February 19, 2014).</subfield></datafield><datafield ind1=" " ind2=" " tag="588"><subfield code="a">Latest issue consulted: Vol. XXVII, no. 41 (October 8, 1873) (Chroniclingamerica.loc.gov, viewed February 19, 2014).</subfield></datafield><datafield ind1=" " ind2="0" tag="651"><subfield code="a">Mifflintown (Pa.)</subfield><subfield code="v">Newspapers.</subfield></datafield><datafield ind1=" " ind2="7" tag="655"><subfield code="a">Newspapers.</subfield><subfield code="2">fast</subfield><subfield code="0">(OCoLC)fst01423814</subfield></datafield><datafield ind1=" " ind2="7" tag="651"><subfield code="a">Pennsylvania</subfield><subfield code="z">Mifflintown.</subfield><subfield code="2">fast</subfield><subfield code="0">(OCoLC)fst01237660</subfield></datafield><datafield ind1=" " ind2=" " tag="752"><subfield code="a">United States</subfield><subfield code="b">Pennsylvania</subfield><subfield code="c">Juniata</subfield><subfield code="d">Mifflintown.</subfield></datafield><datafield ind1="0" ind2="8" tag="776"><subfield code="i">Originally issued in print:</subfield><subfield code="t">Juniata sentinel (Mifflintown, Pa. : 1846)</subfield><subfield code="x">2333-1518</subfield><subfield code="w">(DLC)sn 84026118</subfield><subfield code="w">(OCoLC)10383018</subfield></datafield><datafield ind1="0" ind2="7" tag="785"><subfield code="t">Juniata Republican (Online)</subfield></datafield><datafield ind1="0" ind2="7" tag="785"><subfield code="t">Juniata sentinel and Republican (Online)</subfield><subfield code="x">2327-6614</subfield><subfield code="w">(DLC)  2013218669</subfield><subfield code="w">(OCoLC)832709399</subfield></datafield><datafield ind1="4" ind2="0" tag="856"><subfield code="u">http://www.loc.gov/chroniclingamerica/lccn/sn84026118/issues</subfield></datafield></record>